@preamble{ "\newcommand{\noopsort}[1]{} "
	# "\newcommand{\printfirst}[2]{#1} "
	# "\newcommand{\singleletter}[1]{#1} "
	# "\newcommand{\switchargs}[2]{#2#1} " }

@ARTICLE{article-full,
   author = {Ng Bing Feng, Kng Qiao Mei, Pey Yin Yin, Jorg U. Schluter},
   title = {On the Aerodynamics of Paper Airplanes},
    journal = {27th AIAA Applied Aerodynamics Conference},
   year = 2009,
}

@ARTICLE{mueller,
  author{Thomas J.Mueller},
  title{Aerodynamic Measurements for Low Reynold Numbers for Fixed Wing Micro-Air Vehicles},
  year = 1999
}

@ONLINE{NASAac,
  author = {Tom Benson},
  title = {Aerodynamic Center},
  month = apr,
  year = {2009},
  url = {http://www.grc.nasa.gov/WWW/K-12/airplane/ac.html}
}

@ONLINE{thintheory,
  title = {Thin Airfoil Theory},
  url = {http://www.dept.aoe.vt.edu/~devenpor/aoe5104/19.%20ThinAirfoilTheory.pdf}
}

@BOOK{jones,
  author = {Robert T. Jones},
  year = {1990},
  title = {Wing Theory},
  publisher = {Princeston University Press},
  address = {Princeston, New Jersey}
}
@PhdThesis{bollay,
  title = {A New Theory for Wings of Small Aspect Ratio},
  author = "William Bollay",
  school = "California Institute of Technology",
  year = "1936"
}


